<?xml version="1.0" encoding="UTF-8"?><collection xmlns="http://www.loc.gov/MARC21/slim"><record><leader>00368nam--2200145-i-4500</leader><controlfield tag="001">000012225</controlfield><controlfield tag="002">20161230</controlfield><controlfield tag="005">20170305213206</controlfield><controlfield tag="008">060222s1000------------r-----000-0-eng-d</controlfield><datafield ind1=" " ind2=" " tag="100"><subfield code="a">Carswell, D. J</subfield></datafield><datafield ind1=" " ind2=" " tag="245"><subfield code="a">Introduction to nuclear chemistry</subfield></datafield><datafield ind1=" " ind2=" " tag="260"><subfield code="a">Amsterdam</subfield><subfield code="b">Elsevier Publ.Co</subfield><subfield code="c">1967</subfield></datafield><datafield ind1=" " ind2=" " tag="300"><subfield code="a">IX + 279 p</subfield></datafield><datafield ind1=" " ind2=" " tag="852"><subfield code="a">541.28</subfield></datafield><datafield ind1=" " ind2=" " tag="CAT"><subfield code="a">SYS</subfield><subfield code="c">20170305</subfield><subfield code="h">213206</subfield></datafield></record></collection>